%% This BibTeX bibliography file was created using BibDesk.
%% http://bibdesk.sourceforge.net/

%% Created for Derek Black at 2017-01-31 20:08:00 -0600 


%% Saved with string encoding Unicode (UTF-8) 


@string{arpc = {Annu. Rev. Phys. Chem.}}

@string{jcp = {J.~Chem. Phys.}}

@string{josab = {J.~Opt. Soc. Am.~B}}

@string{prl = {Phys. Rev. Lett.}}

@string{rmp = {Rev. Mod. Phys.}}


@conference{3,
	Address = {Boston, MA},
	Author = {R. M. Reck},
	Date-Added = {2017-02-01 02:05:39 +0000},
	Date-Modified = {2017-02-01 02:07:39 +0000},
	Organization = {American Control Conference (ACC)},
	Pages = {6646-6651},
	Title = {Defining common aspects of undergraduate instructional laboratories for control systems},
	Year = {2016}}

@conference{2,
	Address = {Chicago, IL},
	Author = {R. M. Reck and R. S. Screenivas},
	Date-Added = {2017-02-01 01:58:44 +0000},
	Date-Modified = {2017-02-01 02:01:03 +0000},
	Organization = {American Control Conference (ACC)},
	Pages = {2801-2806},
	Title = {Developing a New Affordable DC Motor Laboratory Kit for an Existing Undergraduate Controls Course},
	Year = {2015}}

@manual{1,
	Author = {AMS},
	Date-Added = {2017-01-30 20:22:24 +0000},
	Date-Modified = {2017-01-30 20:33:42 +0000},
	Month = {April},
	Organization = {AMS},
	Rating = {4},
	Read = {0},
	Title = {AS5047D 14-Bit On-Axis Magnetic Rotary Position Sensor with 11-Bit Decimal and Binary Incremental Pulse Count},
	Year = {2016},
	Bdsk-File-1 = {YnBsaXN0MDDUAQIDBAUGJCVYJHZlcnNpb25YJG9iamVjdHNZJGFyY2hpdmVyVCR0b3ASAAGGoKgHCBMUFRYaIVUkbnVsbNMJCgsMDxJXTlMua2V5c1pOUy5vYmplY3RzViRjbGFzc6INDoACgAOiEBGABIAFgAdccmVsYXRpdmVQYXRoWWFsaWFzRGF0YV8QQC4uLy4uL1RlY2huaWNhbCBEb2N1bWVudHMvSGFsbEVuY29kZXJzL0FTNTA0N0RfRFMwMDAzOTRfMi0wMC5wZGbSFwsYGVdOUy5kYXRhTxECggAAAAACggACAAAMTWFjaW50b3NoIEhEAAAAAAAAAAAAAAAAAAAAz6LKmkgrAAAA1XzfGUFTNTA0N0RfRFMwMDAzOTRfMi0wMC5wZGYAAAAAAAAAAAAAAAAAAAAAAAAAAAAAAAAAAAAAAAAAAAAAAAAAAADVfODUDccIAAAAAAAAAAAAAgADAAAJIAAAAAAAAAAAAAAAAAAAAAxIYWxsRW5jb2RlcnMAEAAIAADPoxDqAAAAEQAIAADUDg1YAAAAAQAkANV83wDYaQUA1a7FAM4ihwDEX30AxF9XAAYqvgAGKkwAAmb7AAIAoU1hY2ludG9zaCBIRDpVc2VyczoAS3Jvbm9zOgBMaWJyYXJ5OgBNb2JpbGUgRG9jdW1lbnRzOgBjb21+YXBwbGV+Q2xvdWREb2NzOgBUaGVzaXM6AE1vdG9ybGFiIFRoZXNpczoAVGVjaG5pY2FsIERvY3VtZW50czoASGFsbEVuY29kZXJzOgBBUzUwNDdEX0RTMDAwMzk0XzItMDAucGRmAAAOADQAGQBBAFMANQAwADQANwBEAF8ARABTADAAMAAwADMAOQA0AF8AMgAtADAAMAAuAHAAZABmAA8AGgAMAE0AYQBjAGkAbgB0AG8AcwBoACAASABEABIAi1VzZXJzL0tyb25vcy9MaWJyYXJ5L01vYmlsZSBEb2N1bWVudHMvY29tfmFwcGxlfkNsb3VkRG9jcy9UaGVzaXMvTW90b3JsYWIgVGhlc2lzL1RlY2huaWNhbCBEb2N1bWVudHMvSGFsbEVuY29kZXJzL0FTNTA0N0RfRFMwMDAzOTRfMi0wMC5wZGYAABMAAS8AABUAAgAN//8AAIAG0hscHR5aJGNsYXNzbmFtZVgkY2xhc3Nlc11OU011dGFibGVEYXRhox0fIFZOU0RhdGFYTlNPYmplY3TSGxwiI1xOU0RpY3Rpb25hcnmiIiBfEA9OU0tleWVkQXJjaGl2ZXLRJidUcm9vdIABAAgAEQAaACMALQAyADcAQABGAE0AVQBgAGcAagBsAG4AcQBzAHUAdwCEAI4A0QDWAN4DZANmA2sDdgN/A40DkQOYA6EDpgOzA7YDyAPLA9AAAAAAAAACAQAAAAAAAAAoAAAAAAAAAAAAAAAAAAAD0g==}}
